% This file was created with JabRef 2.10.
% Encoding: ISO8859_1


@Book{Alpaydin2010IntroductiontoMachine,
  Title                    = {Introduction to Machine Learning},
  Author                   = {Ethem Alpaydin},
  Publisher                = {The MIT Press},
  Year                     = {2010},
  Edition                  = {2nd},

  Owner                    = {yunglu},
  Timestamp                = {2018.06.16}
}

@Book{Goodfellow2016DeepLearning,
  Title                    = {Deep Learning},
  Author                   = {Ian Goodfellow and Yoshua Bengio and Aaron Courville},
  Publisher                = {The MIT Press},
  Year                     = {2016},

  Owner                    = {yunglu},
  Timestamp                = {2018.06.16}
}

@Book{Hastie2009ElementsStatisticalLearning,
  Title                    = {The Elements of Statistical Learning: Data Mining, Inference, and Prediction},
  Author                   = {Trevor Hastie and Robert Tibshirani and Jerome Friedman},
  Publisher                = {Springer},
  Year                     = {2009},

  Owner                    = {yunglu},
  Timestamp                = {2018.06.16}
}

@Book{Martin2008CleanCodeHandbook,
  Title                    = {Clean Code: A Handbook of Agile Software Craftsmanship},
  Author                   = {Robert C. Martin},
  Publisher                = {Prentice Hall},
  Year                     = {2008},

  Owner                    = {yunglu},
  Timestamp                = {2018.06.14}
}

@Book{Mitchell1997MachineLearning,
  Title                    = {Machine Learning},
  Author                   = {Tom M. Mitchell},
  Publisher                = {McGraw-Hill},
  Year                     = {1997},

  Owner                    = {yunglu},
  Timestamp                = {2018.06.16}
}

@Book{Sutton2017ReinforcementLearningIntroduction,
  Title                    = {Reinforcement Learning: An Introduction},
  Author                   = {Richard S. Sutton and Andrew G. Barto},
  Publisher                = {N/A},
  Year                     = {2017},
  Edition                  = {2nd, Complete Draft},

  Owner                    = {yunglu},
  Timestamp                = {2018.06.16}
}

@Book{Taleb2010BlackSwan,
  Title                    = {The Black Swan},
  Author                   = {Nassim Nicholas Taleb},
  Publisher                = {Random House Trade},
  Year                     = {2010},

  Owner                    = {yunglu},
  Timestamp                = {2018.06.16}
}

